<record><leader>00000cas a22000007a 4500</leader><controlfield tag="001">14874104</controlfield><controlfield tag="008">861125d18731966pauwr ne      0    0eng d</controlfield><datafield ind1=" " ind2=" " tag="010"><subfield code="a">sn 86053946 </subfield></datafield><datafield ind1=" " ind2=" " tag="040"><subfield code="a">NPX</subfield><subfield code="b">eng</subfield><subfield code="c">NPX</subfield><subfield code="d">NPH</subfield><subfield code="d">OCLCQ</subfield></datafield><datafield ind1=" " ind2=" " tag="042"><subfield code="a">msc</subfield></datafield><datafield ind1="0" ind2=" " tag="130"><subfield code="a">Mountain echo (Shickshinny, Pa.)</subfield></datafield><datafield ind1="1" ind2="4" tag="245"><subfield code="a">The mountain echo.</subfield></datafield><datafield ind1=" " ind2=" " tag="260"><subfield code="a">Shickshinny, Pa. :</subfield><subfield code="b">R. Millard Tubbs, Harry H. Rutter</subfield></datafield><datafield ind1=" " ind2=" " tag="300"><subfield code="a">v.</subfield></datafield><datafield ind1=" " ind2=" " tag="310"><subfield code="a">Weekly</subfield></datafield><datafield ind1="1" ind2=" " tag="362"><subfield code="a">Began in 1873.</subfield><subfield code="z">Cf. Rossell, G. Pa. newspapers.</subfield></datafield><datafield ind1="0" ind2=" " tag="362"><subfield code="a">-93rd yr., no. 4 (May 26, 1966).</subfield></datafield><datafield ind1=" " ind2=" " tag="500"><subfield code="a">Editors: R. Millard Tubbs, &lt;1876&gt;; Harry H. Rutter, &lt;1876&gt;.</subfield></datafield><datafield ind1=" " ind2=" " tag="588"><subfield code="a">Description based on: Vol. 4, no. 18 (Aug. 4, 1876).</subfield></datafield><datafield ind1=" " ind2=" " tag="752"><subfield code="a">United States</subfield><subfield code="b">Pennsylvania</subfield><subfield code="c">Luzerne</subfield><subfield code="d">Shickshinny.</subfield></datafield><datafield ind1="1" ind2=" " tag="029"><subfield code="a">AU@</subfield><subfield code="b">000025797730</subfield></datafield></record>